@Misc{snort,
   organization={},
   title={Snort},
   note={\url{https://www.snort.org/}}
}

@Misc{suricata,
   organization={Open Information Security Foundation (OISF)},
   title={Suricata},
   note={\url{https://suricata-ids.org}}
}

@Misc{oisf,
   organization={Open Information Security Foundation (OISF)},
   title={OISF},
   note={\url{https://oisf.net/}}
}

@Misc{metasploit,
   organization={Rapid7 and open-source community},
   title={Metasploit},
   note={\url{https://www.metasploit.com/}}
}

@Misc{tutorial-ml-for-anomaly-detection,
   organization={},
   title={Machine Learning for Anomaly Detection},
   note={\url{https://towardsdatascience.com/how-to-use-machine-learning-for-anomaly-detection-and-condition-monitoring-6742f82900d7}},
   month= {Dec},
   year = {2019},
}

@inproceedings{cordy-etal-issta19,
 author = {Maxime Cordy and Steve Muller and Mike Papadakis and Yves Le Traon},
 title = {Search-based Test and Improvement of Machine-Learning-Based Anomaly Detection Systems},
 booktitle = {ISSTA},
 year = {2019},
 pages = {??},
} 
